@Book{GareyAndJohnson1979,
author = "Garey, Michael R.; Johnson, David S.",
title = "Computers and Intractability: A Guide to the Theory of NP-Completeness",
address = "United States",
publisher = "W. H. Freeman and Company",
year = 1979,
numpages = 338,
language = "english",
isbn = "978-0-7167-1045-5"
}

@Article{Johnson2005,
author = "Johnson, David S.",
title = "The NP-Completeness Column",
journal = "ACM Transactions on Algorithms",
doi = "10.1145/1077464.1077476",
year = 2005,
number = 1,
pages = "160–176",
language = "english"
}

@Article{BabaiCodenotti2008,
author = "Babai, László; Codenotti, Paolo",
title = "Isomorphism of Hypergraphs of Low Rank in Moderately Exponential Time",
journal = "FOCS '08: Proceedings of the 2008 49th Annual IEEE Symposium on Foundations of Computer Science",
isbn = "978-0-7695-3436-7",
year = 2008,
pages = "667–676",
language = "english"
}

@Article{FourColourProblem,
author = "K. Appel and W. Haken",
title = "Every planar map is four colorable. Part I. Discharging",
year = 1977,
journal = "Illinois J. Math. 21",
pages = "429-490"
}